<?xml version="1.0" encoding="UTF-8"?><collection xmlns="http://www.loc.gov/MARC21/slim"><record><leader>00467nam--2200193-u-4500</leader><controlfield tag="001">000054139</controlfield><controlfield tag="002">20161230</controlfield><controlfield tag="005">20161230201051</controlfield><controlfield tag="008">110901s1000------------r-----000-0-rus-d</controlfield><datafield ind1=" " ind2=" " tag="040"><subfield code="a">IFIN-HH</subfield></datafield><datafield ind1=" " ind2=" " tag="041"><subfield code="a">rus</subfield></datafield><datafield ind1=" " ind2=" " tag="080"><subfield code="a">537.533.3</subfield></datafield><datafield ind1="1" ind2=" " tag="100"><subfield code="a">Kelman, V.M</subfield></datafield><datafield ind1="1" ind2="0" tag="245"><subfield code="a">Elektronnaia optika</subfield><subfield code="c">V.m. kelman, s.ia.iavor</subfield></datafield><datafield ind1=" " ind2=" " tag="260"><subfield code="a">Leningrad</subfield><subfield code="b">Nauka</subfield><subfield code="c">1968</subfield></datafield><datafield ind1=" " ind2=" " tag="300"><subfield code="a">487P</subfield></datafield><datafield ind1=" " ind2=" " tag="700"><subfield code="a">Iavor, S.Ia</subfield></datafield><datafield ind1=" " ind2=" " tag="852"><subfield code="a">76929</subfield><subfield code="c">537.533.3</subfield></datafield><datafield ind1=" " ind2=" " tag="CAT"><subfield code="a">Sys</subfield><subfield code="c">20110901</subfield><subfield code="h">152039</subfield></datafield></record></collection>